

@misc{Paho, 
    title={COVID MH Report}, url=   {https://iris.paho.org/bitstream/handle/10665.2/53126/OPSNMHMHCOVID-   19200044_spa.pdf?sequence=1&isAllowed=y},
    journal={Universidad Nacional De La Plata},
    author={PAHO},
    year={2020},
    month={11}
}

@misc{Intermedia, 
    title={Intermediación}, url={https://economipedia.com/definiciones/intermediacion.html}, 
    journal={economipedia}, 
    author={Francisco Coll Morales}, 
    year={2020}, 
    month={09} 
}
@misc{EnDComerte, 
    title={Comer sin despilfarrar}, url={https://elpais.com/economia/negocios/2021-12-22/comer-sin-despilfarrar.html}, 
    journal={El Pais}, 
    author={Pilar Calleja}, 
    year={2021}, 
    month={12} 
}
@misc{JOlio, 
    title={Jokr y Olio anuncian proyecto para combatir el desperdicio de comida}, url={https://www.eltiempo.com/tecnosfera/novedades-tecnologia/olio-y-jokr-programa-para-combatir-desperdicio-de-comida-666405}, 
    journal={El tiempo}, 
    author={ElTiempo}, 
    year={2022}, 
    month={04} 
}
@misc{NUC, 
    title={Pasando de pérdida y desperdicio de alimentos a soluciones, desde la producción hasta el consumo, aportes que construimos juntos}, url={https://colombia.un.org/es/168173-pasando-de-p\%C3\%A9rdida-y-desperdicio-de-alimentos-soluciones-desde-la-producci\%C3\%B3n-hasta-el}, 
    journal={Naciones Unidas De Colombia}, 
    author={Ana Milena Reyes}, 
    year={2021}, 
    month={12} 
}
@misc{BID, 
    title={Innovación colombiana contra la pérdida y el desperdicio de alimentos}, url={https://bancodealimentos.org.co/wp-content/uploads/2021/06/informe-de-gestion-2019.pdf}, 
    journal={SinDesperdicioBogotá}, 
    author={BID},
    year={2020}, 
    month={12} 
}
@misc{MinAmbiente, 
    title={Minambiente, interesado en ayudar a disminuir el desperdicio de alimentos}, url={https://www.minambiente.gov.co/cambio-climatico/minambiente-interesado-en-ayudar-a-disminuir-el-desperdicio-de-alimentos/}, 
    journal={Minambiente}, 
    author={Minambiente},
    year={2022}, 
    month={08} 
}
@misc{BancoAlBogt, 
    title={Desperdicio de alimentos: causas, impactos y propuestas de solución en Bogotá}, url={https://bancodealimentos.org.co/wp-content/uploads/2021/06/informe-de-gestion-2019.pdf}, 
    journal={Informe de Gestión}, 
    author={BA},
    year={2019}, 
    month={03} 
}
@misc{UAESP, 
    title={MODELO DE APROVECHAMIENTO}, url={https://www.uaesp.gov.co/sites/default/files/20210420_Modelo_de_aprovechamiento.pdf}, 
    journal={Unidad Administrativa Especial de Servicios Públicos}, 
    author={UAESP}, 
    year={2021}, 
    month={3} 
}

@misc{OIT, 
    title={Perspectivas sociales y del empleo en el mundo}, url={https://www.ilo.org/global/research/global-reports/weso/trends2021/lang--es/index.htm}, 
    journal={Organización Internacional del Trabajo}, 
    author={OIT}, 
    year={2021}, 
    month={1} 
}
@misc{AB, 
    title={Decreto 092 de 24 de marzo del 2020}, url={https://bogota.gov.co/mi-ciudad/salud/coronavirus/conoce-el-decreto-092-de-cuarentena-obligatoria-en-bogota}, 
    journal={Alcaldía de Bogotá}, 
    author={Daniel Febres Cordero}, 
    year={2020}, 
    month={3} 
}

@misc{DNP, 
    title={Estudio pérdida y desperdicio de alimentos en Colombia}, url={https://www.dnp.gov.co/Paginas/Colombianos-botan-9,76-millones-de-toneladas-de-comida-al-a\%C3\%B1o.aspx}, 
    journal={Departamento Nacional De Planeación}, 
    author={DNP}, 
    year={2016}, 
    month={3} 
}
@misc{FAO, 
    title={Hambre e inseguridad alimentaria}, url={https://www.fao.org/hunger/es/}, 
    journal={Food and Agriculture Organization of the unites Nations}, 
    author={FAO}, 
    year={2021}, 
    month={5} 
}
@misc{FAO1, 
    title={Mitigating risks to foof systems during CIVID-19: Reducing food loss and waste}, url={https://www.fao.org/3/ca9056en/ca9056en.pdf}, 
    journal={Food and Agriculture Organization of the unites Nations}, 
    author={FAO}, 
    year={2020}, 
    month={5} 
}
@misc{FAO2, 
    title={Pérdidas y desperdicios de alimentos en América Latina y el Caribe}, url={https://www.fao.org/americas/noticias/ver/es/c/239393/}, 
    journal={Food and Agriculture Organization of the unites Nations}, 
    author={Raúl Benítez}, 
    year={2023}, 
    month={2} 
}
@misc{MADS, 
    title={Hambre e inseguridad alimentaria}, url={https://www.minambiente.gov.co/cambio-climatico/minambiente-interesado-en-ayudar-a-disminuir-el-desperdicio-de-alimentos/}, 
    journal={Ministerio de Ambiente y Desarrollo Sostenible}, 
    author={MADS}, 
    year={2022}, 
    month={9} 
}

@ARTICLE{FoodScience&Tecnology,
    author={Frewer, Lynn and Coles and van der Lans and Schroeder and Champion},
    journal={IEEE Access}, 
    title={The importance of trust in the development of technology acceptance and its application to food. Trends in Food Science & Technology},
    year={2019},
    volume={},
    number={},
    pages={65-75},
    doi={}
  }
 @ARTICLE{Soup,
    author={Quested, T and Marsh, E and Stunell, D and Parry, A},
    journal={IEEE Access}, 
    title={Spaghetti soup: The complex world of food waste behaviours. Resources, Conservation and Recycling},
    year={2013},
    volume={},
    number={},
    pages={79},
    doi={}
  } 
    
@book{PlanDeNegocio,
    title = {Entendiendo el Plan De Negocios: Una herramienta para entender mejor la importancia del Plan de Negocios en la actualidad},
    year = {2007},
    author={Viniegra, S}
}
@book{ModelDeNegocio,
    title = {Generación de modelos de negocio: Un manual para visionarios, revolucionarios y retadores},
    year = {2010},
    author={Osterwalder, A and Pigneur, Y}
}



@inbook{gamificationRef,
    author = {Hamari, Juho},
    publisher = {John Wiley & Sons, Ltd},
    isbn = {9781405165518},
    title = {Gamification},
    booktitle = {The Blackwell Encyclopedia of Sociology},
    chapter = {},
    pages = {1-3},
    doi = {https://doi.org/10.1002/9781405165518.wbeos1321},
    url = {https://onlinelibrary.wiley.com/doi/abs/10.1002/9781405165518.wbeos1321},
    eprint = {https://onlinelibrary.wiley.com/doi/pdf/10.1002/9781405165518.wbeos1321},
    year = {2019},
    keywords = {captology, game design, game research, game studies, game-based learning, games with a purpose, gamification, ludification, persuasive technology, serious games},
}

@mastersthesis{guevara,
  title={Estrategias de gamificaci{\'o}n aplicadas al desarrollo de competencias digitales docentes},
  author={Guevara Vizca{\'\i}no, Claudio},
  year={2018},
  school={Universidad Casa Grande. Departamento de Posgrado}
}

@book{werbach,
  title={For the Win, Revised and Updated Edition: The Power of Gamification and Game Thinking in Business, Education, Government, and Social Impact},
  author={Werbach, Kevin and Hunter, Dan},
  year={2020},
  publisher={University of Pennsylvania Press}
}

@inproceedings{webEngineer,
    author = {Murugesan, San and Deshpande, Yogesh and Hansen, Steve and Ginige, Athula},
    year = {2001},
    month = {01},
    pages = {3-13},
    title = {Web Engineering: A New Discipline for Development of Web-Based Systems.},
    isbn = {978-3-540-42130-6},
    journal = {LNCS},
    doi = {10.1007/3-540-45144-7_2}
}

//////////


@misc{forbesCol, 
    title={Industria del software: un sector con visión de crecimiento}, url={https://forbes.co/2021/07/09/red-forbes/industria-del-software-un-sector-con-vision-de-crecimiento/}, 
    journal={Forbes Colombia}, 
    author={Jorge Enrique Cote}, 
    year={2021}, 
    month={7} 
}

@misc{colombiaDeficit,
    title = {elempleo.com},
    url={https://www.elempleo.com/co/noticias/noticias-laborales/colombia-podria-alcanzar-un-deficit-de-112000-programadores-en-2025-6209}, 
    journal={Noticias elempleo.com}, 
    year={2020}, 
    month={12} 
    }

@ARTICLE{GamificationForRecruitment,
    author={Obaid, Iqra and Farooq, Muhammad Shoaib and Abid, Adnan},
    journal={IEEE Access}, 
    title={Gamification for Recruitment and Job Training: Model, Taxonomy, and Challenges},
    year={2020},
    volume={8},
    number={},
    pages={65164-65178},
    doi={10.1109/ACCESS.2020.2984178}
  }
  
  @article{menezes_bortolli_2016, 
    title={Potential of Gamification as Assessment Tool}, 
    volume={07}, url={https://www.scirp.org/journal/paperinformation.aspx?paperid=65415}, 
    DOI={10.4236/ce.2016.74058}, 
    number={04}, 
    journal={Creative Education}, 
    author={Menezes, Claudia Cardinale Nunes and Bortolli, Robélius De}, 
    year={2016}, 
    pages={561–566} 
  }
  
  @misc{portafolio2019, 
    title={“Debemos mejorar los índices de rotación de personal en sector TIC”}, 
    url={https://www.portafolio.co/economia/empleo/debemos-mejorar-los-indices-de-rotacion-de-personal-en-sector-tic-529996}, 
    journal={Portafolio.co}, 
    author={Casa}, 
    year={2019}, 
    month={5} 
}

@misc{piedrahita_2018, 
    title={La clave es el “software”}, 
    url={https://www.semana.com/opinion/articulo/industria-del-software-en-colombia-columna-de-esteban-piedrahita/587171/}, 
    journal={Semana.com Últimas Noticias de Colombia y el Mundo}, 
    publisher={Revista Semana}, 
    author={Piedrahita}, 
    year={2018}, 
    month={10} 
}
@article{vardarlier_2021, 
    title={Gamification in human resources management: an agenda     suggestion for  gamification in HRM},
    volume={8},                
    DOI={10.17261/pressacademia.2021.1402},
    number={2},                
    journal={Pressacademia},
    author={Vardarlier, Pelin},
    year={2021}, 
    month={6},
    pages={129–139} 
}


@article{Taborda, 
    title={Análisis prospectivo de la industria de desarrollo de software en Colombia}, 
    volume={10}, 
    url={https://journal.poligran.edu.co/index.php/puntodevista/article/view/1415}, 
    DOI={10.15765/pdv.v11i16.1415}, 
    abstractNote={&amp;lt;p&amp;gt;El propósito de esta investigación es identificar estrategias encaminadas a fortalecer la industria de desarrollo de software en Colombia; para lograr eso se utilizó el método francés de Michael Godet del análisis estructural prospectivo, y así se obtuvo una serie de tendencias con sus respectivas variables y comportamientos de las cuales se analizan el top 10 de mayor impacto. De este análisis se encontró que las empresas colombianas poseen la ventaja de ser veloces, agiles y eficientes para atender los rápidos, constantes y críticos cambios en todo el ciclo de vida del software. &amp;lt;/p&amp;gt;}, 
    number={16}, 
    journal={Punto de vista}, 
    author={Piña Taborda, Jessica and Castaño Ospina, Diana Marcela and Hernández Díaz, Leonardo Enrique and Garro Torres, Juan David}, 
    year={2020}, 
    month={7} 
}
    
@book{Battaglio,
    title = {Public Human Resource Management: Strategies and Practices in the 21st Century},
    year = {2017},
    author={Battaglio, P}

}

@article{Walls_2021, 
    title={Investing In Human Capital: Achieving Organizational Competitiveness Through Gamification},
    volume={4},
    url={https://internationaljournal.net/index.php/endless/article/view/34},
    DOI={10.54783/endless.v4i1.34},
    number={1},
    journal={ENDLESS : International Journal of Future Studies},
    author={Paul J. Walls},
    year={2021},
    month={1},
    pages={1-7}
}

@article{Pedreros, 
    title={La rotación de profesionales especializados en la industria de desarrollo de software en Colombia}, 
    volume={10}, 
    url={http://hdl.handle.net/10654/41096}, 
    journal={Repositorio Instituciona UMNG. Universidad Militar Nueva Granada}, 
    author={Pedreros Victor}, 
    year={2022}, 
    month={2} 
}

@article{Buil,
title = {Understanding applicants’ reactions to gamified recruitment},
journal = {Journal of Business Research},
volume = {110},
pages = {41-50},
year = {2020},
issn = {0148-2963},
doi = {https://doi.org/10.1016/j.jbusres.2019.12.041},
url = {https://www.sciencedirect.com/science/article/pii/S0148296319308082},
author = {Isabel Buil and Sara Catalán and Eva Martínez},
keywords = {Gamification, Gamified recruitment, Business simulation games, Self-determination theory, TAM, Applicant attitudes},
}

@misc{torre_forbes, 
    title={Torre completa US\$10 millones en ronda semillla con inversores y directivos de SpaceX, Facebook, Uber, Apple y Amazon}, 
    url={https://forbes.co/2021/03/31/emprendedores/torre-completa-us10-millones-en-ronda-semillla-con-inversores-y-directivos-de-spacex-facebook-uber-apple-y-amazon/}, 
    journal={Forbes Colombia}, 
    author={José Caparroso}, 
    year={2021}, 
    month={3} 
}

@article{Loreal,
  title={An investigation into gamification as a tool for enhancing recruitment process},
  author={Joy, Manu Melwin and Assistant, J},
  journal={Ideal Research},
  volume={3},
  number={1},
  pages={56--65},
  year={2017}
}

@article{Prasad,
  title={Gamification and resource pooling for improving operational efficiency and effective management of human resources: A case study with an eCommerce company},
  author={Prasad, KDV and Mangipudi, Dr Mruthyanjaya Rao and Vaidya, Dr Rajesh},
  journal={International Journal of Management (IJM)},
  volume={10},
  number={6},
  year={2019}
}


@misc{valora, 
    title={¿Alta rotación y fuga de talento? Esta es la solución en su empresa}, 
    url={https://www.valoraanalitik.com/2021/09/10/alta-rotacion-y-fuga-de-talento-esta-es-la-solucion-en-su-empresa/}, 
    journal={Valora Analitik}, 
    publisher={Valora Analitik}, 
    author={Valora}, 
    year={2021}, 
    month={9} 
}

@misc{Tomaszewski, 
    title={Resume Statistics 2022 (Analysis of 133,000 Documents)}, 
    url={https://zety.com/blog/resume-statistics}, 
    journal={zety}, 
    publisher={Zety}, 
    author={Tomaszewski, Michael}, 
    year={2022}, 
    month={3} 
}

@book{chiavenato, 
    title={Gestión del Talento Humano (3ª. edición)}, 
    url={https://jgestiondeltalentohumano.files.wordpress.com/2013/11/gestion-del-talento-humano-idalberto-chiavenato-3th.pdf}, 
    journal={McGraw Hill.}, 
    author={Chiavenato, I.}, 
    year={2009}, 
}
@misc{team_colombia_2016,
    title={Reclutamiento Social en Colombia}, url={https://www.bizlatinhub.com/es/reclutamiento-social-colombia/},
    journal={Biz Latin Hub},
    author={Biz Latin Hub},
    year={2016},
    month={2}
}


@inbook{gamificationRef,
    author = {Hamari, Juho},
    publisher = {John Wiley & Sons, Ltd},
    isbn = {9781405165518},
    title = {Gamification},
    booktitle = {The Blackwell Encyclopedia of Sociology},
    chapter = {},
    pages = {1-3},
    doi = {https://doi.org/10.1002/9781405165518.wbeos1321},
    url = {https://onlinelibrary.wiley.com/doi/abs/10.1002/9781405165518.wbeos1321},
    eprint = {https://onlinelibrary.wiley.com/doi/pdf/10.1002/9781405165518.wbeos1321},
    year = {2019},
    keywords = {captology, game design, game research, game studies, game-based learning, games with a purpose, gamification, ludification, persuasive technology, serious games},
}
@article{osterwalder2011generacion,
    title={Generaci{\'o}n de modelos de negocio},
    author={Osterwalder, Alexander and Pigneur, Yves},
    year={2011},
    publisher={Barcelona: Deustos SA Ediciones}
}

@article{Gonzalez,
author = {González González, Carina and Mora, Alberto},
year = {2015},
month = {01},
pages = {},
title = {Técnicas de gamificación aplicadas en la docencia de Ingeniería Informática},
volume = {8},
journal = {REVISION}
}

@article{Gee,
  title={What video games have to teach us about learning and literacy},
  author={Gee, James Paul},
  journal={Computers in entertainment (CIE)},
  volume={1},
  number={1},
  pages={20--20},
  year={2003},
  publisher={ACM New York, NY, USA}
}

@misc{peiro_2022,
    title={Modelo de negocio - Definición, qué es y concepto | Economipedia}, url={https://economipedia.com/definiciones/modelo-de-negocio.html},
    journal={Economipedia},
    author={Peiró, Rosario},
    year={2022}
}

@mastersthesis{guevara,
  title={Estrategias de gamificaci{\'o}n aplicadas al desarrollo de competencias digitales docentes},
  author={Guevara Vizca{\'\i}no, Claudio},
  year={2018},
  school={Universidad Casa Grande. Departamento de Posgrado}
}

@book{werbach,
  title={For the Win, Revised and Updated Edition: The Power of Gamification and Game Thinking in Business, Education, Government, and Social Impact},
  author={Werbach, Kevin and Hunter, Dan},
  year={2020},
  publisher={University of Pennsylvania Press}
}

@inproceedings{webEngineer,
    author = {Murugesan, San and Deshpande, Yogesh and Hansen, Steve and Ginige, Athula},
    year = {2001},
    month = {01},
    pages = {3-13},
    title = {Web Engineering: A New Discipline for Development of Web-Based Systems.},
    isbn = {978-3-540-42130-6},
    journal = {LNCS},
    doi = {10.1007/3-540-45144-7_2}
}

@article{villaran,
  title={Plan de negocios},
  author={Villar{\'a}n, Karen Weinberger},
  journal={Herramientas para evaluar la viabilidad de un negocio, USAID Per{\'u} y Ministerio de la Producci{\'o}n, Per{\'u}},
  year={2009}
}

@misc{MinticProf, 
    url={https://talentodigital.mintic.gov.co/635/w3-propertyvalue-15241.html}, 
    journal={Mintic.gov.co}, 
    author={Mintic},
    year={2014} 
}

@article{pruebasTec,
  title={La selecci{\'o}n de personal basada en competencias y su relaci{\'o}n con la eficacia organizacional},
  author={Gumucio, J Ricardo L{\'o}pez},
  journal={Perspectivas},
  number={26},
  pages={129--152},
  year={2010},
  publisher={Universidad Cat{\'o}lica Boliviana San Pablo}
}


@misc{recursos, 
    title={Los Recursos Humanos: repasemos los conceptos - Factorial}, 
    url={https://factorialhr.co/blog/los-recursos-humanos/}, 
    journal={Factorial Blog}, 
    author={Sofía, Ana}, 
    year={2022}, 
    month={Mar} 
}

@article{rotacion,
  title={Propuesta para reducir la rotaci{\'o}n de personal},
  author={L{\'o}pez, Juan},
  journal={Revista Vinculando},
  year={2011}
}

@misc{antoniogarciacandil,
    title={Git - Como gestionar y cuidar nuestro código},
    url={https://www.enmilocalfunciona.io/git-como-gestionar-y-cuidar-nuestro-codigo/},
    journal={Enmilocalfunciona},
    publisher={Enmilocalfunciona},
    author={Antonio Garcia Candil},
    year={2018},
    month={Jun}
 }

@misc{clickupTM,
    title={clickupTM}, url={https://clickup.com/about}, journal={Clickup.com},
    year={2017}
}

@misc{facchin_2020,
    title={¿Qué es el Modelo Canvas y cómo crear el de tu negocio? Plantilla}, url={https://josefacchin.com/modelo-canvas-de-negocio/}, journal={El Blog de José Facchin},
    author={José Facchin}, year={2020},
    month={Jan}
}

//////////